<?xml version="1.0" encoding="UTF-8"?><collection xmlns="http://www.loc.gov/MARC21/slim"><record><leader>00464nam--2200169-i-4500</leader><controlfield tag="001">000032744</controlfield><controlfield tag="002">20161230</controlfield><controlfield tag="005">20161230201039</controlfield><controlfield tag="008">060222s1000------------r-----000-0-eng-d</controlfield><datafield ind1=" " ind2=" " tag="040"><subfield code="a">IFIN-HH</subfield></datafield><datafield ind1=" " ind2=" " tag="080"><subfield code="a">533.3.011(061.3)</subfield></datafield><datafield ind1="1" ind2=" " tag="100"><subfield code="a">Dosanjh, Darshan S</subfield></datafield><datafield ind1="1" ind2="0" tag="245"><subfield code="a">Modern optical methods in gas dynamic research</subfield><subfield code="c">Darshan s. dosanjh</subfield></datafield><datafield ind1=" " ind2=" " tag="260"><subfield code="a">New York, Plenum Press, 1971,</subfield></datafield><datafield ind1=" " ind2=" " tag="300"><subfield code="a">XII + 295P</subfield></datafield><datafield ind1=" " ind2=" " tag="852"><subfield code="a">77233</subfield><subfield code="c">533.7</subfield></datafield><datafield ind1=" " ind2=" " tag="CAT"><subfield code="a">Sys</subfield><subfield code="c">20100916</subfield><subfield code="h">103944</subfield></datafield></record></collection>